<?xml version="1.0" encoding="utf-8"?>
<record xmlns="http://www.loc.gov/MARC21/slim" xmlns:xsi="http://www.w3.org/2001/XMLSchema-instance" xsi:schemaLocation="http://www.loc.gov/MARC21/slim http://www.loc.gov/standards/marcxml/schema/MARC21slim.xsd">
	<leader>     nam a22     Mi 4500</leader>
	<controlfield tag="001">2752844</controlfield>
	<controlfield tag="003">NNC</controlfield>
	<controlfield tag="006">m        d        </controlfield>
	<controlfield tag="007">cr cn |||m|||a</controlfield>
	<controlfield tag="008">190605s1929    le bc   ob    000 0 araod</controlfield>
	<datafield ind1=" " ind2=" " tag="040">
		<subfield code="a">ZYU</subfield>
		<subfield code="b">ara</subfield>
		<subfield code="e">rda</subfield>
		<subfield code="c">ZYU</subfield>
	</datafield>
	<datafield ind1=" " ind2=" " tag="043">
		<subfield code="a">a-sy---</subfield>
	</datafield>
	<datafield ind1=" " ind2="4" tag="050">
		<subfield code="a">DS84</subfield>
		<subfield code="b">.A22</subfield>
	</datafield>
	<datafield ind1="1" ind2=" " tag="100">
		<subfield code="6">880-01</subfield>
		<subfield code="a">Sulaymān, Abū ʻIzz al-Dīn.</subfield>
	</datafield>
	<datafield ind1="1" ind2="0" tag="245">
		<subfield code="6">880-02</subfield>
		<subfield code="a">Ibrāhīm Bāshā fī Sūriyā :</subfield>
		<subfield code="b">huwa tārīkh bidʼ al-nahḍah al-ḥadīthah fī al-Sharq al-Adná wa-aḥwāl Sūriyā fī ʻahd Muḥammad ʻAlī wa-thawrāt al-Sūrīyīn wa-Durūz Ḥawrān ʻalá ḥukūmatih wa-ṣafḥah min tārīkh al-Masʼalah al-Sharqīyah wa-maṭāmiʻ duwal Ūrūbbā fī al-bilād al-ʻUthmānīyah /</subfield>
		<subfield code="c">taʼlīf Sulaymān Abū ʻIzz al-Dīn.</subfield>
	</datafield>
	<datafield ind1=" " ind2=" " tag="260">
		<subfield code="6">880-03</subfield>
		<subfield code="a">Bayrūt :</subfield>
		<subfield code="b">Al-Maṭbaʻah al-ʻIlmīyah,</subfield>
		<subfield code="c">1929.</subfield>
	</datafield>
	<datafield ind1=" " ind2=" " tag="300">
		<subfield code="a">online resource (11, 344 pages) :</subfield>
		<subfield code="b">portraits, maps</subfield>
	</datafield>
	<datafield ind1=" " ind2=" " tag="336">
		<subfield code="a">text</subfield>
		<subfield code="2">rdacontent</subfield>
	</datafield>
	<datafield ind1=" " ind2=" " tag="337">
		<subfield code="a">computer</subfield>
		<subfield code="2">rdamedia</subfield>
	</datafield>
	<datafield ind1=" " ind2=" " tag="338">
		<subfield code="a">online resource</subfield>
		<subfield code="2">rdacarrier</subfield>
	</datafield>
	<datafield ind1=" " ind2=" " tag="500">
		<subfield code="a">Part of the Arabic Collections Online (ACO) project, contributed by Columbia University Libraries.</subfield>
	</datafield>
	<datafield ind1=" " ind2=" " tag="504">
		<subfield code="a">Includes bibliographical references.</subfield>
	</datafield>
	<datafield ind1=" " ind2=" " tag="533">
		<subfield code="a">Electronic reproduction.</subfield>
		<subfield code="b">New York, N.Y. :</subfield>
		<subfield code="c">New York University,</subfield>
		<subfield code="d">2019.</subfield>
		<subfield code="5">NNU</subfield>
	</datafield>
	<datafield ind1="0" ind2="0" tag="600">
		<subfield code="a">Ibrāhīm,</subfield>
		<subfield code="c">Pasha,</subfield>
		<subfield code="d">1789-1848.</subfield>
	</datafield>
	<datafield ind1=" " ind2="0" tag="650">
		<subfield code="a">Eastern question.</subfield>
	</datafield>
	<datafield ind1=" " ind2="0" tag="651">
		<subfield code="a">Syria</subfield>
		<subfield code="x">History.</subfield>
	</datafield>
	<datafield ind1="0" ind2="7" tag="600">
		<subfield code="a">Ibrāhīm,</subfield>
		<subfield code="c">Pasha,</subfield>
		<subfield code="d">1789-1848</subfield>
		<subfield code="2">fast</subfield>
		<subfield code="0">(OCoLC)fst00109393</subfield>
	</datafield>
	<datafield ind1=" " ind2="7" tag="650">
		<subfield code="a">Eastern question.</subfield>
		<subfield code="2">fast</subfield>
		<subfield code="0">(OCoLC)fst00901178</subfield>
	</datafield>
	<datafield ind1=" " ind2="7" tag="651">
		<subfield code="a">Syria.</subfield>
		<subfield code="2">fast</subfield>
		<subfield code="0">(OCoLC)fst01208757</subfield>
	</datafield>
	<datafield ind1=" " ind2="7" tag="655">
		<subfield code="a">History.</subfield>
		<subfield code="2">fast</subfield>
		<subfield code="0">(OCoLC)fst01411628</subfield>
	</datafield>
	<datafield ind1="2" ind2=" " tag="710">
		<subfield code="a">Columbia University.</subfield>
		<subfield code="b">Libraries.</subfield>
	</datafield>
	<datafield ind1="0" ind2=" " tag="730">
		<subfield code="a">Arabic Collections Online.</subfield>
	</datafield>
	<datafield ind1="0" ind2="8" tag="776">
		<subfield code="i">Print version:</subfield>
		<subfield code="a">Sulaymān, Abū ʻIzz al-Dīn.</subfield>
		<subfield code="t">Ibrāhīm Bāshā fī Sūriyā</subfield>
		<subfield code="w">(NNC)2752844</subfield>
		<subfield code="w">(OCoLC)41102762</subfield>
	</datafield>
	<datafield ind1="4" ind2="0" tag="856">
		<subfield code="u">http://hdl.handle.net/2333.1/b5mkm501</subfield>
	</datafield>
	<datafield ind1="1" ind2=" " tag="880">
		<subfield code="6">100-01</subfield>
		<subfield code="a">‏سليمان، أبو عز الدين.</subfield>
	</datafield>
	<datafield ind1="1" ind2="0" tag="880">
		<subfield code="6">245-02</subfield>
		<subfield code="a">‏إبراهيم باشا في سوريا :‏</subfield>
		<subfield code="b">‏هو تاريخ بدء النهضة الحديثة في الشرق الادنى واحوال سوريا في عهد محمد علي وثورات السوريين ودروز حوران على حكومته وصفحة من تاريخ المسألة الشرقية ومطامع دول اوروبا في البلاد العثمانية /‏</subfield>
		<subfield code="c">‏تأليف سليمان أبو عز الدين.</subfield>
	</datafield>
	<datafield ind1=" " ind2=" " tag="880">
		<subfield code="6">260-03</subfield>
		<subfield code="a">‏بيروت :‏</subfield>
		<subfield code="b">‏المطبعة العلمية،‏</subfield>
		<subfield code="c">‏1929.</subfield>
	</datafield>
	<datafield ind1=" " ind2=" " tag="959">
		<subfield code="a">NNU</subfield>
		<subfield code="b">WEB</subfield>
		<subfield code="c">GENI</subfield>
		<subfield code="t">0</subfield>
		<subfield code="m">Electronic access</subfield>
		<subfield code="s">01</subfield>
	</datafield>
	<datafield ind1=" " ind2=" " tag="999">
		<subfield code="i">NNC_2752844</subfield>
		<subfield code="o">(OCoLC)ocm41102762</subfield>
		<subfield code="s">columbia_aco003966</subfield>
		<subfield code="s">columbia_aco003966</subfield>
	</datafield>
</record>
